@InProceedings{lattice77,
  author =	{Patrick Cousot and Radhia Cousot},
  title =	{{Abstract Interpretation: a Unified Lattice Model for Static Analysis of Programs by Construction or Approximation of Fixpoints}},
  booktitle =	{POPL},
  year =	1977,
  month =	jan
}
